<record><leader>00000cas a22000007a 4500</leader><controlfield tag="001">11153896</controlfield><controlfield tag="008">840914d18671883inuwr ne      0    0eng d</controlfield><datafield ind1=" " ind2=" " tag="010"><subfield code="a">sn 84024000 </subfield></datafield><datafield ind1=" " ind2=" " tag="040"><subfield code="a">NPX</subfield><subfield code="b">eng</subfield><subfield code="c">NPX</subfield><subfield code="d">NPU</subfield><subfield code="d">NPX</subfield><subfield code="d">NPI</subfield><subfield code="d">MGN</subfield><subfield code="d">OCLCQ</subfield></datafield><datafield ind1=" " ind2=" " tag="042"><subfield code="a">msc</subfield></datafield><datafield ind1="0" ind2="4" tag="245"><subfield code="a">The Lawrenceburgh press.</subfield></datafield><datafield ind1=" " ind2=" " tag="260"><subfield code="a">Lawrenceburgh, Ind. :</subfield><subfield code="b">Sam Chapman,</subfield><subfield code="c">-1883.</subfield></datafield><datafield ind1=" " ind2=" " tag="300"><subfield code="a">v. ;</subfield><subfield code="c">67 cm.</subfield></datafield><datafield ind1=" " ind2=" " tag="310"><subfield code="a">Weekly</subfield></datafield><datafield ind1="0" ind2=" " tag="362"><subfield code="a">-v. 30, no. 23 (Apr. 12, 1883).</subfield></datafield><datafield ind1="1" ind2=" " tag="362"><subfield code="a">Began in 1867. Cf. J.W. Miller Ind. newspaper bibl.</subfield></datafield><datafield ind1=" " ind2=" " tag="500"><subfield code="a">Editor: James P. Chew, &lt;1867-76&gt;.</subfield></datafield><datafield ind1=" " ind2=" " tag="588"><subfield code="a">Description based on: Vol. 4, no. 7 (July 4, 1867).</subfield></datafield><datafield ind1=" " ind2=" " tag="752"><subfield code="a">United States</subfield><subfield code="b">Indiana</subfield><subfield code="c">Dearborn</subfield><subfield code="d">Lawrenceburg.</subfield></datafield><datafield ind1="0" ind2="0" tag="780"><subfield code="t">Union press (Lawrenceburg, Ind. : 1864)</subfield><subfield code="w">(DLC)sn 83025609</subfield></datafield><datafield ind1="0" ind2="0" tag="785"><subfield code="t">Weekly press (Lawrenceburg, Ind.)</subfield><subfield code="w">(DLC)sn 84045578</subfield></datafield></record>